@article{Kuhn_Tacker,
	title="Новый взгляд на теорему Куна-Такера",
	author="Евтушенко, {\CYRYU}. {\CYRG} and {\CYRA}. {\CYRA}. Третьякова",
	journal="Доклады академии наук",
	year="2017", 
 	volume=476,
 	number=1,
 	pages="11-13"
}
